%YAML 1.1
%TAG !u! tag:unity3d.com,2011:
--- !u!1 &265264885872145512
GameObject:
  m_ObjectHideFlags: 0
  m_CorrespondingSourceObject: {fileID: 0}
  m_PrefabInstance: {fileID: 0}
  m_PrefabAsset: {fileID: 0}
  serializedVersion: 6
  m_Component:
  - component: {fileID: 2275646035145417700}
  - component: {fileID: 4410959153484202628}
  - component: {fileID: 3945097666587729880}
  - component: {fileID: 3212164972959448566}
  m_Layer: 5
  m_Name: Shadow
  m_TagString: Untagged
  m_Icon: {fileID: 0}
  m_NavMeshLayer: 0
  m_StaticEditorFlags: 0
  m_IsActive: 1
--- !u!224 &2275646035145417700
RectTransform:
  m_ObjectHideFlags: 0
  m_CorrespondingSourceObject: {fileID: 0}
  m_PrefabInstance: {fileID: 0}
  m_PrefabAsset: {fileID: 0}
  m_GameObject: {fileID: 265264885872145512}
  m_LocalRotation: {x: -0, y: -0, z: -0, w: 1}
  m_LocalPosition: {x: 0, y: 0, z: 0}
  m_LocalScale: {x: 1, y: 1, z: 1}
  m_Children: []
  m_Father: {fileID: 1799750439360673335}
  m_RootOrder: 0
  m_LocalEulerAnglesHint: {x: 0, y: 0, z: 0}
  m_AnchorMin: {x: 0.5, y: 0.5}
  m_AnchorMax: {x: 0.5, y: 0.5}
  m_AnchoredPosition: {x: 0, y: -14}
  m_SizeDelta: {x: 160, y: 30}
  m_Pivot: {x: 0.5, y: 0.5}
--- !u!222 &4410959153484202628
CanvasRenderer:
  m_ObjectHideFlags: 0
  m_CorrespondingSourceObject: {fileID: 0}
  m_PrefabInstance: {fileID: 0}
  m_PrefabAsset: {fileID: 0}
  m_GameObject: {fileID: 265264885872145512}
  m_CullTransparentMesh: 1
--- !u!114 &3945097666587729880
MonoBehaviour:
  m_ObjectHideFlags: 0
  m_CorrespondingSourceObject: {fileID: 0}
  m_PrefabInstance: {fileID: 0}
  m_PrefabAsset: {fileID: 0}
  m_GameObject: {fileID: 265264885872145512}
  m_Enabled: 1
  m_EditorHideFlags: 0
  m_Script: {fileID: 11500000, guid: 5f7201a12d95ffc409449d95f23cf332, type: 3}
  m_Name: 
  m_EditorClassIdentifier: 
  m_Material: {fileID: 0}
  m_Color: {r: 0, g: 0, b: 0, a: 1}
  m_RaycastTarget: 0
  m_RaycastPadding: {x: 0, y: 0, z: 0, w: 0}
  m_Maskable: 1
  m_OnCullStateChanged:
    m_PersistentCalls:
      m_Calls: []
  m_FontData:
    m_Font: {fileID: 12800000, guid: 1d40fd9bce06a48d882305e42305874a, type: 3}
    m_FontSize: 120
    m_FontStyle: 0
    m_BestFit: 0
    m_MinSize: 1
    m_MaxSize: 120
    m_Alignment: 4
    m_AlignByGeometry: 0
    m_RichText: 1
    m_HorizontalOverflow: 1
    m_VerticalOverflow: 1
    m_LineSpacing: 1
  m_Text: COMPLETE
--- !u!114 &3212164972959448566
MonoBehaviour:
  m_ObjectHideFlags: 0
  m_CorrespondingSourceObject: {fileID: 0}
  m_PrefabInstance: {fileID: 0}
  m_PrefabAsset: {fileID: 0}
  m_GameObject: {fileID: 265264885872145512}
  m_Enabled: 1
  m_EditorHideFlags: 0
  m_Script: {fileID: 11500000, guid: e19747de3f5aca642ab2be37e372fb86, type: 3}
  m_Name: 
  m_EditorClassIdentifier: 
  m_EffectColor: {r: 0, g: 0, b: 0, a: 1}
  m_EffectDistance: {x: 10, y: 10}
  m_UseGraphicAlpha: 0
--- !u!1 &2216821540275762135
GameObject:
  m_ObjectHideFlags: 0
  m_CorrespondingSourceObject: {fileID: 0}
  m_PrefabInstance: {fileID: 0}
  m_PrefabAsset: {fileID: 0}
  serializedVersion: 6
  m_Component:
  - component: {fileID: 2145719816158361375}
  - component: {fileID: 4343644310348623724}
  - component: {fileID: 7701812839437949744}
  - component: {fileID: 3322530027858954860}
  m_Layer: 5
  m_Name: Text
  m_TagString: Untagged
  m_Icon: {fileID: 0}
  m_NavMeshLayer: 0
  m_StaticEditorFlags: 0
  m_IsActive: 1
--- !u!224 &2145719816158361375
RectTransform:
  m_ObjectHideFlags: 0
  m_CorrespondingSourceObject: {fileID: 0}
  m_PrefabInstance: {fileID: 0}
  m_PrefabAsset: {fileID: 0}
  m_GameObject: {fileID: 2216821540275762135}
  m_LocalRotation: {x: -0, y: -0, z: -0, w: 1}
  m_LocalPosition: {x: 0, y: 0, z: 0}
  m_LocalScale: {x: 1, y: 1, z: 1}
  m_Children: []
  m_Father: {fileID: 1799750439360673335}
  m_RootOrder: 1
  m_LocalEulerAnglesHint: {x: 0, y: 0, z: 0}
  m_AnchorMin: {x: 0.5, y: 0.5}
  m_AnchorMax: {x: 0.5, y: 0.5}
  m_AnchoredPosition: {x: 0, y: 0}
  m_SizeDelta: {x: 160, y: 30}
  m_Pivot: {x: 0.5, y: 0.5}
--- !u!222 &4343644310348623724
CanvasRenderer:
  m_ObjectHideFlags: 0
  m_CorrespondingSourceObject: {fileID: 0}
  m_PrefabInstance: {fileID: 0}
  m_PrefabAsset: {fileID: 0}
  m_GameObject: {fileID: 2216821540275762135}
  m_CullTransparentMesh: 1
--- !u!114 &7701812839437949744
MonoBehaviour:
  m_ObjectHideFlags: 0
  m_CorrespondingSourceObject: {fileID: 0}
  m_PrefabInstance: {fileID: 0}
  m_PrefabAsset: {fileID: 0}
  m_GameObject: {fileID: 2216821540275762135}
  m_Enabled: 1
  m_EditorHideFlags: 0
  m_Script: {fileID: 11500000, guid: 5f7201a12d95ffc409449d95f23cf332, type: 3}
  m_Name: 
  m_EditorClassIdentifier: 
  m_Material: {fileID: 0}
  m_Color: {r: 1, g: 1, b: 1, a: 1}
  m_RaycastTarget: 0
  m_RaycastPadding: {x: 0, y: 0, z: 0, w: 0}
  m_Maskable: 1
  m_OnCullStateChanged:
    m_PersistentCalls:
      m_Calls: []
  m_FontData:
    m_Font: {fileID: 12800000, guid: 1d40fd9bce06a48d882305e42305874a, type: 3}
    m_FontSize: 120
    m_FontStyle: 0
    m_BestFit: 0
    m_MinSize: 1
    m_MaxSize: 120
    m_Alignment: 4
    m_AlignByGeometry: 0
    m_RichText: 1
    m_HorizontalOverflow: 1
    m_VerticalOverflow: 1
    m_LineSpacing: 1
  m_Text: COMPLETE
--- !u!114 &3322530027858954860
MonoBehaviour:
  m_ObjectHideFlags: 0
  m_CorrespondingSourceObject: {fileID: 0}
  m_PrefabInstance: {fileID: 0}
  m_PrefabAsset: {fileID: 0}
  m_GameObject: {fileID: 2216821540275762135}
  m_Enabled: 1
  m_EditorHideFlags: 0
  m_Script: {fileID: 11500000, guid: e19747de3f5aca642ab2be37e372fb86, type: 3}
  m_Name: 
  m_EditorClassIdentifier: 
  m_EffectColor: {r: 0.122641504, g: 0.122641504, b: 0.122641504, a: 1}
  m_EffectDistance: {x: 10, y: 10}
  m_UseGraphicAlpha: 0
--- !u!1 &4227659965807943959
GameObject:
  m_ObjectHideFlags: 0
  m_CorrespondingSourceObject: {fileID: 0}
  m_PrefabInstance: {fileID: 0}
  m_PrefabAsset: {fileID: 0}
  serializedVersion: 6
  m_Component:
  - component: {fileID: 4227659965807943958}
  - component: {fileID: 4227659965807943952}
  - component: {fileID: 3312842198194166104}
  m_Layer: 5
  m_Name: LevelWinScreen
  m_TagString: Untagged
  m_Icon: {fileID: 0}
  m_NavMeshLayer: 0
  m_StaticEditorFlags: 0
  m_IsActive: 1
--- !u!224 &4227659965807943958
RectTransform:
  m_ObjectHideFlags: 0
  m_CorrespondingSourceObject: {fileID: 0}
  m_PrefabInstance: {fileID: 0}
  m_PrefabAsset: {fileID: 0}
  m_GameObject: {fileID: 4227659965807943959}
  m_LocalRotation: {x: 0, y: 0, z: 0, w: 1}
  m_LocalPosition: {x: 0, y: 0, z: 0}
  m_LocalScale: {x: 1, y: 1, z: 1}
  m_Children:
  - {fileID: 4870328001561303769}
  - {fileID: 1799750439360673335}
  - {fileID: 3958314807567903263}
  - {fileID: 3699979250361847690}
  - {fileID: 2277703367023751850}
  m_Father: {fileID: 0}
  m_RootOrder: 0
  m_LocalEulerAnglesHint: {x: 0, y: 0, z: 0}
  m_AnchorMin: {x: 0.5, y: 0.5}
  m_AnchorMax: {x: 0.5, y: 0.5}
  m_AnchoredPosition: {x: 0, y: 0}
  m_SizeDelta: {x: 100, y: 100}
  m_Pivot: {x: 0.5, y: 0.5}
--- !u!95 &4227659965807943952
Animator:
  serializedVersion: 3
  m_ObjectHideFlags: 0
  m_CorrespondingSourceObject: {fileID: 0}
  m_PrefabInstance: {fileID: 0}
  m_PrefabAsset: {fileID: 0}
  m_GameObject: {fileID: 4227659965807943959}
  m_Enabled: 1
  m_Avatar: {fileID: 0}
  m_Controller: {fileID: 9100000, guid: 65e8451f7dec946d0b37c74fd8044381, type: 2}
  m_CullingMode: 0
  m_UpdateMode: 0
  m_ApplyRootMotion: 0
  m_LinearVelocityBlending: 0
  m_WarningMessage: 
  m_HasTransformHierarchy: 1
  m_AllowConstantClipSamplingOptimization: 1
  m_KeepAnimatorControllerStateOnDisable: 0
--- !u!114 &3312842198194166104
MonoBehaviour:
  m_ObjectHideFlags: 0
  m_CorrespondingSourceObject: {fileID: 0}
  m_PrefabInstance: {fileID: 0}
  m_PrefabAsset: {fileID: 0}
  m_GameObject: {fileID: 4227659965807943959}
  m_Enabled: 1
  m_EditorHideFlags: 0
  m_Script: {fileID: 11500000, guid: 1787bcda14abd404797303370539468b, type: 3}
  m_Name: 
  m_EditorClassIdentifier: 
  _openAnim: Open
  _openAnimDuration: 0.5
  _closeAnim: Close
  _closeAnimDuration: 0.5
--- !u!1 &6080845941116423848
GameObject:
  m_ObjectHideFlags: 0
  m_CorrespondingSourceObject: {fileID: 0}
  m_PrefabInstance: {fileID: 0}
  m_PrefabAsset: {fileID: 0}
  serializedVersion: 6
  m_Component:
  - component: {fileID: 1799750439360673335}
  m_Layer: 5
  m_Name: CompleteLabel
  m_TagString: Untagged
  m_Icon: {fileID: 0}
  m_NavMeshLayer: 0
  m_StaticEditorFlags: 0
  m_IsActive: 1
--- !u!224 &1799750439360673335
RectTransform:
  m_ObjectHideFlags: 0
  m_CorrespondingSourceObject: {fileID: 0}
  m_PrefabInstance: {fileID: 0}
  m_PrefabAsset: {fileID: 0}
  m_GameObject: {fileID: 6080845941116423848}
  m_LocalRotation: {x: 0, y: 0, z: 0, w: 1}
  m_LocalPosition: {x: 0, y: 0, z: 0}
  m_LocalScale: {x: 1, y: 1, z: 1}
  m_Children:
  - {fileID: 2275646035145417700}
  - {fileID: 2145719816158361375}
  m_Father: {fileID: 4227659965807943958}
  m_RootOrder: 1
  m_LocalEulerAnglesHint: {x: 0, y: 0, z: 0}
  m_AnchorMin: {x: 0.5, y: 1}
  m_AnchorMax: {x: 0.5, y: 1}
  m_AnchoredPosition: {x: 0, y: -393}
  m_SizeDelta: {x: 160, y: 30}
  m_Pivot: {x: 0.5, y: 1}
--- !u!1 &7277712464530251685
GameObject:
  m_ObjectHideFlags: 0
  m_CorrespondingSourceObject: {fileID: 0}
  m_PrefabInstance: {fileID: 0}
  m_PrefabAsset: {fileID: 0}
  serializedVersion: 6
  m_Component:
  - component: {fileID: 3958314807567903263}
  - component: {fileID: 8584379801651888516}
  - component: {fileID: 6215861462799885780}
  m_Layer: 5
  m_Name: TapToContinueLabel
  m_TagString: Untagged
  m_Icon: {fileID: 0}
  m_NavMeshLayer: 0
  m_StaticEditorFlags: 0
  m_IsActive: 1
--- !u!224 &3958314807567903263
RectTransform:
  m_ObjectHideFlags: 0
  m_CorrespondingSourceObject: {fileID: 0}
  m_PrefabInstance: {fileID: 0}
  m_PrefabAsset: {fileID: 0}
  m_GameObject: {fileID: 7277712464530251685}
  m_LocalRotation: {x: -0, y: -0, z: -0, w: 1}
  m_LocalPosition: {x: 0, y: 0, z: 0}
  m_LocalScale: {x: 1, y: 1, z: 1}
  m_Children: []
  m_Father: {fileID: 4227659965807943958}
  m_RootOrder: 2
  m_LocalEulerAnglesHint: {x: 0, y: 0, z: 0}
  m_AnchorMin: {x: 0.5, y: 0}
  m_AnchorMax: {x: 0.5, y: 0}
  m_AnchoredPosition: {x: 0, y: 193}
  m_SizeDelta: {x: 160, y: 30}
  m_Pivot: {x: 0.5, y: 0}
--- !u!222 &8584379801651888516
CanvasRenderer:
  m_ObjectHideFlags: 0
  m_CorrespondingSourceObject: {fileID: 0}
  m_PrefabInstance: {fileID: 0}
  m_PrefabAsset: {fileID: 0}
  m_GameObject: {fileID: 7277712464530251685}
  m_CullTransparentMesh: 1
--- !u!114 &6215861462799885780
MonoBehaviour:
  m_ObjectHideFlags: 0
  m_CorrespondingSourceObject: {fileID: 0}
  m_PrefabInstance: {fileID: 0}
  m_PrefabAsset: {fileID: 0}
  m_GameObject: {fileID: 7277712464530251685}
  m_Enabled: 1
  m_EditorHideFlags: 0
  m_Script: {fileID: 11500000, guid: 5f7201a12d95ffc409449d95f23cf332, type: 3}
  m_Name: 
  m_EditorClassIdentifier: 
  m_Material: {fileID: 0}
  m_Color: {r: 1, g: 1, b: 1, a: 1}
  m_RaycastTarget: 0
  m_RaycastPadding: {x: 0, y: 0, z: 0, w: 0}
  m_Maskable: 1
  m_OnCullStateChanged:
    m_PersistentCalls:
      m_Calls: []
  m_FontData:
    m_Font: {fileID: 12800000, guid: 1d40fd9bce06a48d882305e42305874a, type: 3}
    m_FontSize: 60
    m_FontStyle: 0
    m_BestFit: 0
    m_MinSize: 1
    m_MaxSize: 100
    m_Alignment: 4
    m_AlignByGeometry: 0
    m_RichText: 1
    m_HorizontalOverflow: 1
    m_VerticalOverflow: 1
    m_LineSpacing: 1
  m_Text: TAP TO CONTINUE
--- !u!1001 &994794609961401856
PrefabInstance:
  m_ObjectHideFlags: 0
  serializedVersion: 2
  m_Modification:
    m_TransformParent: {fileID: 4227659965807943958}
    m_Modifications:
    - target: {fileID: 1320187226357861546, guid: 9385ef3b441fb421484dc3384b9e773e, type: 3}
      propertyPath: m_Pivot.x
      value: 0.5
      objectReference: {fileID: 0}
    - target: {fileID: 1320187226357861546, guid: 9385ef3b441fb421484dc3384b9e773e, type: 3}
      propertyPath: m_Pivot.y
      value: 0.5
      objectReference: {fileID: 0}
    - target: {fileID: 1320187226357861546, guid: 9385ef3b441fb421484dc3384b9e773e, type: 3}
      propertyPath: m_RootOrder
      value: 4
      objectReference: {fileID: 0}
    - target: {fileID: 1320187226357861546, guid: 9385ef3b441fb421484dc3384b9e773e, type: 3}
      propertyPath: m_AnchorMax.x
      value: 0.5
      objectReference: {fileID: 0}
    - target: {fileID: 1320187226357861546, guid: 9385ef3b441fb421484dc3384b9e773e, type: 3}
      propertyPath: m_AnchorMax.y
      value: 0.5
      objectReference: {fileID: 0}
    - target: {fileID: 1320187226357861546, guid: 9385ef3b441fb421484dc3384b9e773e, type: 3}
      propertyPath: m_AnchorMin.x
      value: 0.5
      objectReference: {fileID: 0}
    - target: {fileID: 1320187226357861546, guid: 9385ef3b441fb421484dc3384b9e773e, type: 3}
      propertyPath: m_AnchorMin.y
      value: 0.5
      objectReference: {fileID: 0}
    - target: {fileID: 1320187226357861546, guid: 9385ef3b441fb421484dc3384b9e773e, type: 3}
      propertyPath: m_SizeDelta.x
      value: 100
      objectReference: {fileID: 0}
    - target: {fileID: 1320187226357861546, guid: 9385ef3b441fb421484dc3384b9e773e, type: 3}
      propertyPath: m_SizeDelta.y
      value: 100
      objectReference: {fileID: 0}
    - target: {fileID: 1320187226357861546, guid: 9385ef3b441fb421484dc3384b9e773e, type: 3}
      propertyPath: m_LocalPosition.x
      value: 0
      objectReference: {fileID: 0}
    - target: {fileID: 1320187226357861546, guid: 9385ef3b441fb421484dc3384b9e773e, type: 3}
      propertyPath: m_LocalPosition.y
      value: 0
      objectReference: {fileID: 0}
    - target: {fileID: 1320187226357861546, guid: 9385ef3b441fb421484dc3384b9e773e, type: 3}
      propertyPath: m_LocalPosition.z
      value: 0
      objectReference: {fileID: 0}
    - target: {fileID: 1320187226357861546, guid: 9385ef3b441fb421484dc3384b9e773e, type: 3}
      propertyPath: m_LocalRotation.w
      value: 1
      objectReference: {fileID: 0}
    - target: {fileID: 1320187226357861546, guid: 9385ef3b441fb421484dc3384b9e773e, type: 3}
      propertyPath: m_LocalRotation.x
      value: 0
      objectReference: {fileID: 0}
    - target: {fileID: 1320187226357861546, guid: 9385ef3b441fb421484dc3384b9e773e, type: 3}
      propertyPath: m_LocalRotation.y
      value: 0
      objectReference: {fileID: 0}
    - target: {fileID: 1320187226357861546, guid: 9385ef3b441fb421484dc3384b9e773e, type: 3}
      propertyPath: m_LocalRotation.z
      value: 0
      objectReference: {fileID: 0}
    - target: {fileID: 1320187226357861546, guid: 9385ef3b441fb421484dc3384b9e773e, type: 3}
      propertyPath: m_AnchoredPosition.x
      value: 0
      objectReference: {fileID: 0}
    - target: {fileID: 1320187226357861546, guid: 9385ef3b441fb421484dc3384b9e773e, type: 3}
      propertyPath: m_AnchoredPosition.y
      value: 71
      objectReference: {fileID: 0}
    - target: {fileID: 1320187226357861546, guid: 9385ef3b441fb421484dc3384b9e773e, type: 3}
      propertyPath: m_LocalEulerAnglesHint.x
      value: 0
      objectReference: {fileID: 0}
    - target: {fileID: 1320187226357861546, guid: 9385ef3b441fb421484dc3384b9e773e, type: 3}
      propertyPath: m_LocalEulerAnglesHint.y
      value: 0
      objectReference: {fileID: 0}
    - target: {fileID: 1320187226357861546, guid: 9385ef3b441fb421484dc3384b9e773e, type: 3}
      propertyPath: m_LocalEulerAnglesHint.z
      value: 0
      objectReference: {fileID: 0}
    - target: {fileID: 2483695759703219444, guid: 9385ef3b441fb421484dc3384b9e773e, type: 3}
      propertyPath: m_Name
      value: LevelCompleteEmoticon
      objectReference: {fileID: 0}
    m_RemovedComponents: []
  m_SourcePrefab: {fileID: 100100000, guid: 9385ef3b441fb421484dc3384b9e773e, type: 3}
--- !u!224 &2277703367023751850 stripped
RectTransform:
  m_CorrespondingSourceObject: {fileID: 1320187226357861546, guid: 9385ef3b441fb421484dc3384b9e773e, type: 3}
  m_PrefabInstance: {fileID: 994794609961401856}
  m_PrefabAsset: {fileID: 0}
--- !u!1001 &2172784288104163859
PrefabInstance:
  m_ObjectHideFlags: 0
  serializedVersion: 2
  m_Modification:
    m_TransformParent: {fileID: 4227659965807943958}
    m_Modifications:
    - target: {fileID: 239756152786336054, guid: 72dd9a884d3bc458f8e6ac790ce44e35, type: 3}
      propertyPath: m_Name
      value: LevelCompleteFlavourText
      objectReference: {fileID: 0}
    - target: {fileID: 3278532885889279385, guid: 72dd9a884d3bc458f8e6ac790ce44e35, type: 3}
      propertyPath: m_Pivot.x
      value: 0.5
      objectReference: {fileID: 0}
    - target: {fileID: 3278532885889279385, guid: 72dd9a884d3bc458f8e6ac790ce44e35, type: 3}
      propertyPath: m_Pivot.y
      value: 0.5
      objectReference: {fileID: 0}
    - target: {fileID: 3278532885889279385, guid: 72dd9a884d3bc458f8e6ac790ce44e35, type: 3}
      propertyPath: m_RootOrder
      value: 3
      objectReference: {fileID: 0}
    - target: {fileID: 3278532885889279385, guid: 72dd9a884d3bc458f8e6ac790ce44e35, type: 3}
      propertyPath: m_AnchorMax.x
      value: 1
      objectReference: {fileID: 0}
    - target: {fileID: 3278532885889279385, guid: 72dd9a884d3bc458f8e6ac790ce44e35, type: 3}
      propertyPath: m_AnchorMax.y
      value: 1
      objectReference: {fileID: 0}
    - target: {fileID: 3278532885889279385, guid: 72dd9a884d3bc458f8e6ac790ce44e35, type: 3}
      propertyPath: m_AnchorMin.x
      value: 0
      objectReference: {fileID: 0}
    - target: {fileID: 3278532885889279385, guid: 72dd9a884d3bc458f8e6ac790ce44e35, type: 3}
      propertyPath: m_AnchorMin.y
      value: 0
      objectReference: {fileID: 0}
    - target: {fileID: 3278532885889279385, guid: 72dd9a884d3bc458f8e6ac790ce44e35, type: 3}
      propertyPath: m_SizeDelta.x
      value: 0
      objectReference: {fileID: 0}
    - target: {fileID: 3278532885889279385, guid: 72dd9a884d3bc458f8e6ac790ce44e35, type: 3}
      propertyPath: m_SizeDelta.y
      value: 0
      objectReference: {fileID: 0}
    - target: {fileID: 3278532885889279385, guid: 72dd9a884d3bc458f8e6ac790ce44e35, type: 3}
      propertyPath: m_LocalPosition.x
      value: 0
      objectReference: {fileID: 0}
    - target: {fileID: 3278532885889279385, guid: 72dd9a884d3bc458f8e6ac790ce44e35, type: 3}
      propertyPath: m_LocalPosition.y
      value: 0
      objectReference: {fileID: 0}
    - target: {fileID: 3278532885889279385, guid: 72dd9a884d3bc458f8e6ac790ce44e35, type: 3}
      propertyPath: m_LocalPosition.z
      value: 0
      objectReference: {fileID: 0}
    - target: {fileID: 3278532885889279385, guid: 72dd9a884d3bc458f8e6ac790ce44e35, type: 3}
      propertyPath: m_LocalRotation.w
      value: 1
      objectReference: {fileID: 0}
    - target: {fileID: 3278532885889279385, guid: 72dd9a884d3bc458f8e6ac790ce44e35, type: 3}
      propertyPath: m_LocalRotation.x
      value: 0
      objectReference: {fileID: 0}
    - target: {fileID: 3278532885889279385, guid: 72dd9a884d3bc458f8e6ac790ce44e35, type: 3}
      propertyPath: m_LocalRotation.y
      value: 0
      objectReference: {fileID: 0}
    - target: {fileID: 3278532885889279385, guid: 72dd9a884d3bc458f8e6ac790ce44e35, type: 3}
      propertyPath: m_LocalRotation.z
      value: 0
      objectReference: {fileID: 0}
    - target: {fileID: 3278532885889279385, guid: 72dd9a884d3bc458f8e6ac790ce44e35, type: 3}
      propertyPath: m_AnchoredPosition.x
      value: 0
      objectReference: {fileID: 0}
    - target: {fileID: 3278532885889279385, guid: 72dd9a884d3bc458f8e6ac790ce44e35, type: 3}
      propertyPath: m_AnchoredPosition.y
      value: -126
      objectReference: {fileID: 0}
    - target: {fileID: 3278532885889279385, guid: 72dd9a884d3bc458f8e6ac790ce44e35, type: 3}
      propertyPath: m_LocalEulerAnglesHint.x
      value: 0
      objectReference: {fileID: 0}
    - target: {fileID: 3278532885889279385, guid: 72dd9a884d3bc458f8e6ac790ce44e35, type: 3}
      propertyPath: m_LocalEulerAnglesHint.y
      value: 0
      objectReference: {fileID: 0}
    - target: {fileID: 3278532885889279385, guid: 72dd9a884d3bc458f8e6ac790ce44e35, type: 3}
      propertyPath: m_LocalEulerAnglesHint.z
      value: 0
      objectReference: {fileID: 0}
    m_RemovedComponents: []
  m_SourcePrefab: {fileID: 100100000, guid: 72dd9a884d3bc458f8e6ac790ce44e35, type: 3}
--- !u!224 &3699979250361847690 stripped
RectTransform:
  m_CorrespondingSourceObject: {fileID: 3278532885889279385, guid: 72dd9a884d3bc458f8e6ac790ce44e35, type: 3}
  m_PrefabInstance: {fileID: 2172784288104163859}
  m_PrefabAsset: {fileID: 0}
--- !u!1001 &4227659964855478077
PrefabInstance:
  m_ObjectHideFlags: 0
  serializedVersion: 2
  m_Modification:
    m_TransformParent: {fileID: 4227659965807943958}
    m_Modifications:
    - target: {fileID: 803577318045192419, guid: fac522cee4822400cab7bf22806eb3c9, type: 3}
      propertyPath: m_FontData.m_MaxSize
      value: 100
      objectReference: {fileID: 0}
    - target: {fileID: 803577318045192419, guid: fac522cee4822400cab7bf22806eb3c9, type: 3}
      propertyPath: m_FontData.m_MinSize
      value: 1
      objectReference: {fileID: 0}
    - target: {fileID: 803577318045192419, guid: fac522cee4822400cab7bf22806eb3c9, type: 3}
      propertyPath: m_FontData.m_FontSize
      value: 100
      objectReference: {fileID: 0}
    - target: {fileID: 3866117641685304699, guid: fac522cee4822400cab7bf22806eb3c9, type: 3}
      propertyPath: m_Name
      value: LevelLabel
      objectReference: {fileID: 0}
    - target: {fileID: 5755402258821071295, guid: fac522cee4822400cab7bf22806eb3c9, type: 3}
      propertyPath: m_EffectColor.b
      value: 0.122641504
      objectReference: {fileID: 0}
    - target: {fileID: 5755402258821071295, guid: fac522cee4822400cab7bf22806eb3c9, type: 3}
      propertyPath: m_EffectColor.g
      value: 0.122641504
      objectReference: {fileID: 0}
    - target: {fileID: 5755402258821071295, guid: fac522cee4822400cab7bf22806eb3c9, type: 3}
      propertyPath: m_EffectColor.r
      value: 0.122641504
      objectReference: {fileID: 0}
    - target: {fileID: 6303765987895792651, guid: fac522cee4822400cab7bf22806eb3c9, type: 3}
      propertyPath: m_FontData.m_MaxSize
      value: 100
      objectReference: {fileID: 0}
    - target: {fileID: 6303765987895792651, guid: fac522cee4822400cab7bf22806eb3c9, type: 3}
      propertyPath: m_FontData.m_MinSize
      value: 1
      objectReference: {fileID: 0}
    - target: {fileID: 6303765987895792651, guid: fac522cee4822400cab7bf22806eb3c9, type: 3}
      propertyPath: m_FontData.m_FontSize
      value: 100
      objectReference: {fileID: 0}
    - target: {fileID: 8736222233269829092, guid: fac522cee4822400cab7bf22806eb3c9, type: 3}
      propertyPath: m_Pivot.x
      value: 0.5
      objectReference: {fileID: 0}
    - target: {fileID: 8736222233269829092, guid: fac522cee4822400cab7bf22806eb3c9, type: 3}
      propertyPath: m_Pivot.y
      value: 1
      objectReference: {fileID: 0}
    - target: {fileID: 8736222233269829092, guid: fac522cee4822400cab7bf22806eb3c9, type: 3}
      propertyPath: m_RootOrder
      value: 0
      objectReference: {fileID: 0}
    - target: {fileID: 8736222233269829092, guid: fac522cee4822400cab7bf22806eb3c9, type: 3}
      propertyPath: m_AnchorMax.x
      value: 0.5
      objectReference: {fileID: 0}
    - target: {fileID: 8736222233269829092, guid: fac522cee4822400cab7bf22806eb3c9, type: 3}
      propertyPath: m_AnchorMax.y
      value: 1
      objectReference: {fileID: 0}
    - target: {fileID: 8736222233269829092, guid: fac522cee4822400cab7bf22806eb3c9, type: 3}
      propertyPath: m_AnchorMin.x
      value: 0.5
      objectReference: {fileID: 0}
    - target: {fileID: 8736222233269829092, guid: fac522cee4822400cab7bf22806eb3c9, type: 3}
      propertyPath: m_AnchorMin.y
      value: 1
      objectReference: {fileID: 0}
    - target: {fileID: 8736222233269829092, guid: fac522cee4822400cab7bf22806eb3c9, type: 3}
      propertyPath: m_SizeDelta.x
      value: 160
      objectReference: {fileID: 0}
    - target: {fileID: 8736222233269829092, guid: fac522cee4822400cab7bf22806eb3c9, type: 3}
      propertyPath: m_SizeDelta.y
      value: 30
      objectReference: {fileID: 0}
    - target: {fileID: 8736222233269829092, guid: fac522cee4822400cab7bf22806eb3c9, type: 3}
      propertyPath: m_LocalPosition.x
      value: 0
      objectReference: {fileID: 0}
    - target: {fileID: 8736222233269829092, guid: fac522cee4822400cab7bf22806eb3c9, type: 3}
      propertyPath: m_LocalPosition.y
      value: 0
      objectReference: {fileID: 0}
    - target: {fileID: 8736222233269829092, guid: fac522cee4822400cab7bf22806eb3c9, type: 3}
      propertyPath: m_LocalPosition.z
      value: 0
      objectReference: {fileID: 0}
    - target: {fileID: 8736222233269829092, guid: fac522cee4822400cab7bf22806eb3c9, type: 3}
      propertyPath: m_LocalRotation.w
      value: 1
      objectReference: {fileID: 0}
    - target: {fileID: 8736222233269829092, guid: fac522cee4822400cab7bf22806eb3c9, type: 3}
      propertyPath: m_LocalRotation.x
      value: -0
      objectReference: {fileID: 0}
    - target: {fileID: 8736222233269829092, guid: fac522cee4822400cab7bf22806eb3c9, type: 3}
      propertyPath: m_LocalRotation.y
      value: -0
      objectReference: {fileID: 0}
    - target: {fileID: 8736222233269829092, guid: fac522cee4822400cab7bf22806eb3c9, type: 3}
      propertyPath: m_LocalRotation.z
      value: -0
      objectReference: {fileID: 0}
    - target: {fileID: 8736222233269829092, guid: fac522cee4822400cab7bf22806eb3c9, type: 3}
      propertyPath: m_AnchoredPosition.x
      value: 0
      objectReference: {fileID: 0}
    - target: {fileID: 8736222233269829092, guid: fac522cee4822400cab7bf22806eb3c9, type: 3}
      propertyPath: m_AnchoredPosition.y
      value: -257
      objectReference: {fileID: 0}
    - target: {fileID: 8736222233269829092, guid: fac522cee4822400cab7bf22806eb3c9, type: 3}
      propertyPath: m_LocalEulerAnglesHint.x
      value: 0
      objectReference: {fileID: 0}
    - target: {fileID: 8736222233269829092, guid: fac522cee4822400cab7bf22806eb3c9, type: 3}
      propertyPath: m_LocalEulerAnglesHint.y
      value: 0
      objectReference: {fileID: 0}
    - target: {fileID: 8736222233269829092, guid: fac522cee4822400cab7bf22806eb3c9, type: 3}
      propertyPath: m_LocalEulerAnglesHint.z
      value: 0
      objectReference: {fileID: 0}
    m_RemovedComponents: []
  m_SourcePrefab: {fileID: 100100000, guid: fac522cee4822400cab7bf22806eb3c9, type: 3}
--- !u!224 &4870328001561303769 stripped
RectTransform:
  m_CorrespondingSourceObject: {fileID: 8736222233269829092, guid: fac522cee4822400cab7bf22806eb3c9, type: 3}
  m_PrefabInstance: {fileID: 4227659964855478077}
  m_PrefabAsset: {fileID: 0}
