%YAML 1.1
%TAG !u! tag:unity3d.com,2011:
--- !u!1 &983404004746734353
GameObject:
  m_ObjectHideFlags: 0
  m_CorrespondingSourceObject: {fileID: 0}
  m_PrefabInstance: {fileID: 0}
  m_PrefabAsset: {fileID: 0}
  serializedVersion: 6
  m_Component:
  - component: {fileID: 983404004746734352}
  - component: {fileID: 983404004746734447}
  m_Layer: 5
  m_Name: ScreenController
  m_TagString: Untagged
  m_Icon: {fileID: 0}
  m_NavMeshLayer: 0
  m_StaticEditorFlags: 0
  m_IsActive: 1
--- !u!224 &983404004746734352
RectTransform:
  m_ObjectHideFlags: 0
  m_CorrespondingSourceObject: {fileID: 0}
  m_PrefabInstance: {fileID: 0}
  m_PrefabAsset: {fileID: 0}
  m_GameObject: {fileID: 983404004746734353}
  m_LocalRotation: {x: 0, y: 0, z: 0, w: 1}
  m_LocalPosition: {x: 0, y: 0, z: 0}
  m_LocalScale: {x: 1, y: 1, z: 1}
  m_Children:
  - {fileID: 983404004800331772}
  - {fileID: 983404003915395433}
  - {fileID: 6476841126868222689}
  m_Father: {fileID: 0}
  m_RootOrder: 0
  m_LocalEulerAnglesHint: {x: 0, y: 0, z: 0}
  m_AnchorMin: {x: 0, y: 0}
  m_AnchorMax: {x: 1, y: 1}
  m_AnchoredPosition: {x: 0, y: 0}
  m_SizeDelta: {x: 0, y: 0}
  m_Pivot: {x: 0.5, y: 0.5}
--- !u!114 &983404004746734447
MonoBehaviour:
  m_ObjectHideFlags: 0
  m_CorrespondingSourceObject: {fileID: 0}
  m_PrefabInstance: {fileID: 0}
  m_PrefabAsset: {fileID: 0}
  m_GameObject: {fileID: 983404004746734353}
  m_Enabled: 1
  m_EditorHideFlags: 0
  m_Script: {fileID: 11500000, guid: 6fd8224e75938431bac75298548e0831, type: 3}
  m_Name: 
  m_EditorClassIdentifier: 
  _hideAllOnStart: 1
--- !u!1001 &3967225890413125354
PrefabInstance:
  m_ObjectHideFlags: 0
  serializedVersion: 2
  m_Modification:
    m_TransformParent: {fileID: 983404004746734352}
    m_Modifications:
    - target: {fileID: 8969263805358831, guid: 650cf31f60db94e65bff87874afb2638, type: 3}
      propertyPath: m_LocalRotation.w
      value: 0.9914449
      objectReference: {fileID: 0}
    - target: {fileID: 8969263805358831, guid: 650cf31f60db94e65bff87874afb2638, type: 3}
      propertyPath: m_LocalRotation.z
      value: 0.13052616
      objectReference: {fileID: 0}
    - target: {fileID: 8969263805358831, guid: 650cf31f60db94e65bff87874afb2638, type: 3}
      propertyPath: m_LocalEulerAnglesHint.z
      value: 15
      objectReference: {fileID: 0}
    - target: {fileID: 2277703367023751850, guid: 650cf31f60db94e65bff87874afb2638, type: 3}
      propertyPath: m_AnchoredPosition.y
      value: 248
      objectReference: {fileID: 0}
    - target: {fileID: 2819777679483033264, guid: 650cf31f60db94e65bff87874afb2638, type: 3}
      propertyPath: m_LocalRotation.w
      value: 0.9914449
      objectReference: {fileID: 0}
    - target: {fileID: 2819777679483033264, guid: 650cf31f60db94e65bff87874afb2638, type: 3}
      propertyPath: m_LocalRotation.z
      value: 0.13052616
      objectReference: {fileID: 0}
    - target: {fileID: 2819777679483033264, guid: 650cf31f60db94e65bff87874afb2638, type: 3}
      propertyPath: m_LocalEulerAnglesHint.z
      value: 15
      objectReference: {fileID: 0}
    - target: {fileID: 3699979250361847690, guid: 650cf31f60db94e65bff87874afb2638, type: 3}
      propertyPath: m_AnchoredPosition.y
      value: 51
      objectReference: {fileID: 0}
    - target: {fileID: 3958314807567903263, guid: 650cf31f60db94e65bff87874afb2638, type: 3}
      propertyPath: m_AnchoredPosition.y
      value: 85
      objectReference: {fileID: 0}
    - target: {fileID: 4227659965807943958, guid: 650cf31f60db94e65bff87874afb2638, type: 3}
      propertyPath: m_Pivot.x
      value: 0.5
      objectReference: {fileID: 0}
    - target: {fileID: 4227659965807943958, guid: 650cf31f60db94e65bff87874afb2638, type: 3}
      propertyPath: m_Pivot.y
      value: 0.5
      objectReference: {fileID: 0}
    - target: {fileID: 4227659965807943958, guid: 650cf31f60db94e65bff87874afb2638, type: 3}
      propertyPath: m_RootOrder
      value: 0
      objectReference: {fileID: 0}
    - target: {fileID: 4227659965807943958, guid: 650cf31f60db94e65bff87874afb2638, type: 3}
      propertyPath: m_AnchorMax.x
      value: 1
      objectReference: {fileID: 0}
    - target: {fileID: 4227659965807943958, guid: 650cf31f60db94e65bff87874afb2638, type: 3}
      propertyPath: m_AnchorMax.y
      value: 1
      objectReference: {fileID: 0}
    - target: {fileID: 4227659965807943958, guid: 650cf31f60db94e65bff87874afb2638, type: 3}
      propertyPath: m_AnchorMin.x
      value: 0
      objectReference: {fileID: 0}
    - target: {fileID: 4227659965807943958, guid: 650cf31f60db94e65bff87874afb2638, type: 3}
      propertyPath: m_AnchorMin.y
      value: 0
      objectReference: {fileID: 0}
    - target: {fileID: 4227659965807943958, guid: 650cf31f60db94e65bff87874afb2638, type: 3}
      propertyPath: m_SizeDelta.x
      value: 0
      objectReference: {fileID: 0}
    - target: {fileID: 4227659965807943958, guid: 650cf31f60db94e65bff87874afb2638, type: 3}
      propertyPath: m_SizeDelta.y
      value: 0
      objectReference: {fileID: 0}
    - target: {fileID: 4227659965807943958, guid: 650cf31f60db94e65bff87874afb2638, type: 3}
      propertyPath: m_LocalPosition.x
      value: 0
      objectReference: {fileID: 0}
    - target: {fileID: 4227659965807943958, guid: 650cf31f60db94e65bff87874afb2638, type: 3}
      propertyPath: m_LocalPosition.y
      value: 0
      objectReference: {fileID: 0}
    - target: {fileID: 4227659965807943958, guid: 650cf31f60db94e65bff87874afb2638, type: 3}
      propertyPath: m_LocalPosition.z
      value: 0
      objectReference: {fileID: 0}
    - target: {fileID: 4227659965807943958, guid: 650cf31f60db94e65bff87874afb2638, type: 3}
      propertyPath: m_LocalRotation.w
      value: 1
      objectReference: {fileID: 0}
    - target: {fileID: 4227659965807943958, guid: 650cf31f60db94e65bff87874afb2638, type: 3}
      propertyPath: m_LocalRotation.x
      value: 0
      objectReference: {fileID: 0}
    - target: {fileID: 4227659965807943958, guid: 650cf31f60db94e65bff87874afb2638, type: 3}
      propertyPath: m_LocalRotation.y
      value: 0
      objectReference: {fileID: 0}
    - target: {fileID: 4227659965807943958, guid: 650cf31f60db94e65bff87874afb2638, type: 3}
      propertyPath: m_LocalRotation.z
      value: 0
      objectReference: {fileID: 0}
    - target: {fileID: 4227659965807943958, guid: 650cf31f60db94e65bff87874afb2638, type: 3}
      propertyPath: m_AnchoredPosition.x
      value: 0
      objectReference: {fileID: 0}
    - target: {fileID: 4227659965807943958, guid: 650cf31f60db94e65bff87874afb2638, type: 3}
      propertyPath: m_AnchoredPosition.y
      value: 0
      objectReference: {fileID: 0}
    - target: {fileID: 4227659965807943958, guid: 650cf31f60db94e65bff87874afb2638, type: 3}
      propertyPath: m_LocalEulerAnglesHint.x
      value: 0
      objectReference: {fileID: 0}
    - target: {fileID: 4227659965807943958, guid: 650cf31f60db94e65bff87874afb2638, type: 3}
      propertyPath: m_LocalEulerAnglesHint.y
      value: 0
      objectReference: {fileID: 0}
    - target: {fileID: 4227659965807943958, guid: 650cf31f60db94e65bff87874afb2638, type: 3}
      propertyPath: m_LocalEulerAnglesHint.z
      value: 0
      objectReference: {fileID: 0}
    - target: {fileID: 4227659965807943959, guid: 650cf31f60db94e65bff87874afb2638, type: 3}
      propertyPath: m_Name
      value: LevelWinScreen
      objectReference: {fileID: 0}
    - target: {fileID: 4227659965807943959, guid: 650cf31f60db94e65bff87874afb2638, type: 3}
      propertyPath: m_IsActive
      value: 0
      objectReference: {fileID: 0}
    m_RemovedComponents: []
  m_SourcePrefab: {fileID: 100100000, guid: 650cf31f60db94e65bff87874afb2638, type: 3}
--- !u!224 &983404004800331772 stripped
RectTransform:
  m_CorrespondingSourceObject: {fileID: 4227659965807943958, guid: 650cf31f60db94e65bff87874afb2638, type: 3}
  m_PrefabInstance: {fileID: 3967225890413125354}
  m_PrefabAsset: {fileID: 0}
--- !u!1001 &5591486692807709230
PrefabInstance:
  m_ObjectHideFlags: 0
  serializedVersion: 2
  m_Modification:
    m_TransformParent: {fileID: 983404004746734352}
    m_Modifications:
    - target: {fileID: 4628912336058606404, guid: 9dd2672a64c474c208b06aa4d7eac49d, type: 3}
      propertyPath: m_Name
      value: LevelScreen
      objectReference: {fileID: 0}
    - target: {fileID: 4628912336058606407, guid: 9dd2672a64c474c208b06aa4d7eac49d, type: 3}
      propertyPath: m_Pivot.x
      value: 0.5
      objectReference: {fileID: 0}
    - target: {fileID: 4628912336058606407, guid: 9dd2672a64c474c208b06aa4d7eac49d, type: 3}
      propertyPath: m_Pivot.y
      value: 0.5
      objectReference: {fileID: 0}
    - target: {fileID: 4628912336058606407, guid: 9dd2672a64c474c208b06aa4d7eac49d, type: 3}
      propertyPath: m_RootOrder
      value: 1
      objectReference: {fileID: 0}
    - target: {fileID: 4628912336058606407, guid: 9dd2672a64c474c208b06aa4d7eac49d, type: 3}
      propertyPath: m_AnchorMax.x
      value: 1
      objectReference: {fileID: 0}
    - target: {fileID: 4628912336058606407, guid: 9dd2672a64c474c208b06aa4d7eac49d, type: 3}
      propertyPath: m_AnchorMax.y
      value: 1
      objectReference: {fileID: 0}
    - target: {fileID: 4628912336058606407, guid: 9dd2672a64c474c208b06aa4d7eac49d, type: 3}
      propertyPath: m_AnchorMin.x
      value: 0
      objectReference: {fileID: 0}
    - target: {fileID: 4628912336058606407, guid: 9dd2672a64c474c208b06aa4d7eac49d, type: 3}
      propertyPath: m_AnchorMin.y
      value: 0
      objectReference: {fileID: 0}
    - target: {fileID: 4628912336058606407, guid: 9dd2672a64c474c208b06aa4d7eac49d, type: 3}
      propertyPath: m_SizeDelta.x
      value: 0
      objectReference: {fileID: 0}
    - target: {fileID: 4628912336058606407, guid: 9dd2672a64c474c208b06aa4d7eac49d, type: 3}
      propertyPath: m_SizeDelta.y
      value: 0
      objectReference: {fileID: 0}
    - target: {fileID: 4628912336058606407, guid: 9dd2672a64c474c208b06aa4d7eac49d, type: 3}
      propertyPath: m_LocalPosition.x
      value: 0
      objectReference: {fileID: 0}
    - target: {fileID: 4628912336058606407, guid: 9dd2672a64c474c208b06aa4d7eac49d, type: 3}
      propertyPath: m_LocalPosition.y
      value: 0
      objectReference: {fileID: 0}
    - target: {fileID: 4628912336058606407, guid: 9dd2672a64c474c208b06aa4d7eac49d, type: 3}
      propertyPath: m_LocalPosition.z
      value: 0
      objectReference: {fileID: 0}
    - target: {fileID: 4628912336058606407, guid: 9dd2672a64c474c208b06aa4d7eac49d, type: 3}
      propertyPath: m_LocalRotation.w
      value: 1
      objectReference: {fileID: 0}
    - target: {fileID: 4628912336058606407, guid: 9dd2672a64c474c208b06aa4d7eac49d, type: 3}
      propertyPath: m_LocalRotation.x
      value: -0
      objectReference: {fileID: 0}
    - target: {fileID: 4628912336058606407, guid: 9dd2672a64c474c208b06aa4d7eac49d, type: 3}
      propertyPath: m_LocalRotation.y
      value: -0
      objectReference: {fileID: 0}
    - target: {fileID: 4628912336058606407, guid: 9dd2672a64c474c208b06aa4d7eac49d, type: 3}
      propertyPath: m_LocalRotation.z
      value: -0
      objectReference: {fileID: 0}
    - target: {fileID: 4628912336058606407, guid: 9dd2672a64c474c208b06aa4d7eac49d, type: 3}
      propertyPath: m_AnchoredPosition.x
      value: 0
      objectReference: {fileID: 0}
    - target: {fileID: 4628912336058606407, guid: 9dd2672a64c474c208b06aa4d7eac49d, type: 3}
      propertyPath: m_AnchoredPosition.y
      value: 0
      objectReference: {fileID: 0}
    - target: {fileID: 4628912336058606407, guid: 9dd2672a64c474c208b06aa4d7eac49d, type: 3}
      propertyPath: m_LocalEulerAnglesHint.x
      value: 0
      objectReference: {fileID: 0}
    - target: {fileID: 4628912336058606407, guid: 9dd2672a64c474c208b06aa4d7eac49d, type: 3}
      propertyPath: m_LocalEulerAnglesHint.y
      value: 0
      objectReference: {fileID: 0}
    - target: {fileID: 4628912336058606407, guid: 9dd2672a64c474c208b06aa4d7eac49d, type: 3}
      propertyPath: m_LocalEulerAnglesHint.z
      value: 0
      objectReference: {fileID: 0}
    m_RemovedComponents: []
  m_SourcePrefab: {fileID: 100100000, guid: 9dd2672a64c474c208b06aa4d7eac49d, type: 3}
--- !u!224 &983404003915395433 stripped
RectTransform:
  m_CorrespondingSourceObject: {fileID: 4628912336058606407, guid: 9dd2672a64c474c208b06aa4d7eac49d, type: 3}
  m_PrefabInstance: {fileID: 5591486692807709230}
  m_PrefabAsset: {fileID: 0}
--- !u!1001 &6302509603659677260
PrefabInstance:
  m_ObjectHideFlags: 0
  serializedVersion: 2
  m_Modification:
    m_TransformParent: {fileID: 983404004746734352}
    m_Modifications:
    - target: {fileID: 202723183787243428, guid: 6860f012426734f7aac14f6c46d44c15, type: 3}
      propertyPath: m_AnchoredPosition.y
      value: 85
      objectReference: {fileID: 0}
    - target: {fileID: 533116317847081521, guid: 6860f012426734f7aac14f6c46d44c15, type: 3}
      propertyPath: m_AnchoredPosition.y
      value: 51
      objectReference: {fileID: 0}
    - target: {fileID: 1050851262381194412, guid: 6860f012426734f7aac14f6c46d44c15, type: 3}
      propertyPath: m_Name
      value: LevelFailedScreen
      objectReference: {fileID: 0}
    - target: {fileID: 1050851262381194412, guid: 6860f012426734f7aac14f6c46d44c15, type: 3}
      propertyPath: m_IsActive
      value: 0
      objectReference: {fileID: 0}
    - target: {fileID: 1050851262381194413, guid: 6860f012426734f7aac14f6c46d44c15, type: 3}
      propertyPath: m_Pivot.x
      value: 0.5
      objectReference: {fileID: 0}
    - target: {fileID: 1050851262381194413, guid: 6860f012426734f7aac14f6c46d44c15, type: 3}
      propertyPath: m_Pivot.y
      value: 0.5
      objectReference: {fileID: 0}
    - target: {fileID: 1050851262381194413, guid: 6860f012426734f7aac14f6c46d44c15, type: 3}
      propertyPath: m_RootOrder
      value: 2
      objectReference: {fileID: 0}
    - target: {fileID: 1050851262381194413, guid: 6860f012426734f7aac14f6c46d44c15, type: 3}
      propertyPath: m_AnchorMax.x
      value: 1
      objectReference: {fileID: 0}
    - target: {fileID: 1050851262381194413, guid: 6860f012426734f7aac14f6c46d44c15, type: 3}
      propertyPath: m_AnchorMax.y
      value: 1
      objectReference: {fileID: 0}
    - target: {fileID: 1050851262381194413, guid: 6860f012426734f7aac14f6c46d44c15, type: 3}
      propertyPath: m_AnchorMin.x
      value: 0
      objectReference: {fileID: 0}
    - target: {fileID: 1050851262381194413, guid: 6860f012426734f7aac14f6c46d44c15, type: 3}
      propertyPath: m_AnchorMin.y
      value: 0
      objectReference: {fileID: 0}
    - target: {fileID: 1050851262381194413, guid: 6860f012426734f7aac14f6c46d44c15, type: 3}
      propertyPath: m_SizeDelta.x
      value: 0
      objectReference: {fileID: 0}
    - target: {fileID: 1050851262381194413, guid: 6860f012426734f7aac14f6c46d44c15, type: 3}
      propertyPath: m_SizeDelta.y
      value: 0
      objectReference: {fileID: 0}
    - target: {fileID: 1050851262381194413, guid: 6860f012426734f7aac14f6c46d44c15, type: 3}
      propertyPath: m_LocalPosition.x
      value: 0
      objectReference: {fileID: 0}
    - target: {fileID: 1050851262381194413, guid: 6860f012426734f7aac14f6c46d44c15, type: 3}
      propertyPath: m_LocalPosition.y
      value: 0
      objectReference: {fileID: 0}
    - target: {fileID: 1050851262381194413, guid: 6860f012426734f7aac14f6c46d44c15, type: 3}
      propertyPath: m_LocalPosition.z
      value: 0
      objectReference: {fileID: 0}
    - target: {fileID: 1050851262381194413, guid: 6860f012426734f7aac14f6c46d44c15, type: 3}
      propertyPath: m_LocalRotation.w
      value: 1
      objectReference: {fileID: 0}
    - target: {fileID: 1050851262381194413, guid: 6860f012426734f7aac14f6c46d44c15, type: 3}
      propertyPath: m_LocalRotation.x
      value: 0
      objectReference: {fileID: 0}
    - target: {fileID: 1050851262381194413, guid: 6860f012426734f7aac14f6c46d44c15, type: 3}
      propertyPath: m_LocalRotation.y
      value: 0
      objectReference: {fileID: 0}
    - target: {fileID: 1050851262381194413, guid: 6860f012426734f7aac14f6c46d44c15, type: 3}
      propertyPath: m_LocalRotation.z
      value: 0
      objectReference: {fileID: 0}
    - target: {fileID: 1050851262381194413, guid: 6860f012426734f7aac14f6c46d44c15, type: 3}
      propertyPath: m_AnchoredPosition.x
      value: 0
      objectReference: {fileID: 0}
    - target: {fileID: 1050851262381194413, guid: 6860f012426734f7aac14f6c46d44c15, type: 3}
      propertyPath: m_AnchoredPosition.y
      value: 0
      objectReference: {fileID: 0}
    - target: {fileID: 1050851262381194413, guid: 6860f012426734f7aac14f6c46d44c15, type: 3}
      propertyPath: m_LocalEulerAnglesHint.x
      value: 0
      objectReference: {fileID: 0}
    - target: {fileID: 1050851262381194413, guid: 6860f012426734f7aac14f6c46d44c15, type: 3}
      propertyPath: m_LocalEulerAnglesHint.y
      value: 0
      objectReference: {fileID: 0}
    - target: {fileID: 1050851262381194413, guid: 6860f012426734f7aac14f6c46d44c15, type: 3}
      propertyPath: m_LocalEulerAnglesHint.z
      value: 0
      objectReference: {fileID: 0}
    - target: {fileID: 3144342489926102801, guid: 6860f012426734f7aac14f6c46d44c15, type: 3}
      propertyPath: m_AnchoredPosition.y
      value: 248
      objectReference: {fileID: 0}
    m_RemovedComponents: []
  m_SourcePrefab: {fileID: 100100000, guid: 6860f012426734f7aac14f6c46d44c15, type: 3}
--- !u!224 &6476841126868222689 stripped
RectTransform:
  m_CorrespondingSourceObject: {fileID: 1050851262381194413, guid: 6860f012426734f7aac14f6c46d44c15, type: 3}
  m_PrefabInstance: {fileID: 6302509603659677260}
  m_PrefabAsset: {fileID: 0}
